
<record>
  <controlfield tag="001">9025</controlfield>
  <datafield tag="035" ind1=" " ind2=" ">
    <subfield code="a">Barber:1980ur</subfield>
    <subfield code="9">SPIRESTeX</subfield>
  </datafield>
  <datafield tag="037" ind1=" " ind2=" ">
    <subfield code="a">PETRA-PROPOSAL-UNN(1)</subfield>
  </datafield>
  <datafield tag="245" ind1=" " ind2=" ">
    <subfield code="a">JADE: PROPOSAL FOR A COMPACT MAGNETIC DETECTOR AT PETRA</subfield>
  </datafield>
</record>

</collection>